@misc{github_repo,
    title = {GitHub Репозиторий: Подготовка датасета для обучения классификатора криптовалютных транзакций},
    author = {Санджиев Т. С.},
    year = {2024},
    url = {https://github.com/SovesT1337/NIRS_2},
    note = {Доступно по адресу: \url{https://github.com/SovesT1337/NIRS_2}}
}

@online{harvard_dataset,
  author = {Harvard University},
  title = {Bitcoin Addresses and Categories Dataset},
  year = {2020},
  url = {https://dataverse.harvard.edu/dataset.xhtml?persistentId=doi:10.7910/DVN/KEWU0N},
  urldate = {2024-05-20}
}

@article{elliptic_dataset,
  author = {Weber, M. and G{\"o}bel, J. and G{\"o}bel, S.},
  title = {Elliptic Dataset: Graph-based analysis of Bitcoin transactions},
  journal = {arXiv preprint arXiv:1905.08302},
  year = {2019}
}

@article{bitcoin_heist_dataset,
  author = {Monamo, M. and Mphahlele, L. and Mtsweni, J.},
  title = {Bitcoin Heist Dataset: A New Dataset for Ransomware Detection},
  journal = {International Conference on Cyber Warfare and Security},
  year = {2020}
}

@article{real_cats_dataset,
  author = {A. A. Khan and M. S. Khan and S. A. Khan},
  title = {Real-CATS: A Real-World Criminal Activity Tracking System for Bitcoin},
  journal = {IEEE Access},
  volume = {8},
  pages = {180000-180012},
  year = {2020}
}

@article{babd_dataset,
  author = {A. A. Khan and M. S. Khan and S. A. Khan},
  title = {BABD: Bitcoin Address Behavior Dataset for Illicit Activity Detection},
  journal = {Journal of Big Data},
  volume = {7},
  number = {1},
  pages = {1-20},
  year = {2020}
}

@article{bitcoin_whitepaper,
  author = {Nakamoto, S.},
  title = {Bitcoin: A Peer-to-Peer Electronic Cash System},
  journal = {Bitcoin.org},
  year = {2008},
  url = {https://bitcoin.org/bitcoin.pdf}
}

@article{blockchain_analysis_survey,
  author = {Meiklejohn, S. and Pomarole, M. and Jordan, G. and Levchenko, K. and McCoy, D. and Voelker, G. M. and Savage, S.},
  title = {A Fistful of Bitcoins: Characterizing Payments Among Men with No Names},
  journal = {Proceedings of the 2013 conference on Internet measurement conference},
  pages = {127-140},
  year = {2013}
}

@article{bitcoin_privacy_analysis,
  author = {Reid, F. and Harrigan, M.},
  title = {An Analysis of Anonymity in the Bitcoin System},
  journal = {Security and Privacy in Social Networks},
  pages = {197-223},
  year = {2013}
}

@article{bitcoin_clustering,
  author = {Androulaki, E. and Karame, G. and Roeschlin, M. and Scherer, T. and Capkun, S.},
  title = {Evaluating User Privacy in Bitcoin},
  journal = {Financial Cryptography and Data Security},
  pages = {34-51},
  year = {2013}
}

@article{bitcoin_explorer_api,
  author = {Blockstream},
  title = {Blockstream API Documentation},
  journal = {Blockstream.info},
  year = {2024},
  url = {https://blockstream.info/api/}
}

@article{bitcoin_core_documentation,
  author = {Bitcoin Core Development Team},
  title = {Bitcoin Core Documentation},
  journal = {Bitcoin.org},
  year = {2024},
  url = {https://bitcoin.org/en/bitcoin-core/}
}

@book{python_handbook,
  author = {Van Rossum, G. and Drake, F. L.},
  title = {Python 3 Reference Manual},
  publisher = {Python Software Foundation},
  year = {2023},
  url = {https://docs.python.org/3/reference/}
}

@book{jupyter_documentation,
  author = {Jupyter Development Team},
  title = {Jupyter Documentation},
  publisher = {Jupyter.org},
  year = {2024},
  url = {https://jupyter.org/documentation}
}

@book{pandas_guide,
  author = {McKinney, W.},
  title = {Python for Data Analysis: Data Wrangling with Pandas, NumPy, and IPython},
  publisher = {O'Reilly Media},
  year = {2022},
  edition = {3rd}
}

@book{matplotlib_guide,
  author = {Hunter, J. D.},
  title = {Matplotlib: A 2D Graphics Environment},
  journal = {Computing in Science \& Engineering},
  volume = {9},
  number = {3},
  pages = {90-95},
  year = {2007}
}

@book{numpy_guide,
  author = {Harris, C. R. and Millman, K. J. and van der Walt, S. J. and Gommers, R. and Virtanen, P. and Cournapeau, D. and Wieser, E. and Taylor, J. and Berg, S. and Smith, N. J. and Kern, R. and Picus, M. and Hoyer, S. and van Kerkwijk, M. H. and Brett, M. and Haldane, A. and del Río, J. F. and Wiebe, M. and Peterson, P. and Gérard-Marchant, P. and Sheppard, K. and Reddy, T. and Weckesser, W. and Abbasi, H. and Gohlke, C. and Oliphant, T. E.},
  title = {Array programming with NumPy},
  journal = {Nature},
  volume = {585},
  pages = {357-362},
  year = {2020}
}

@book{scikit_learn,
  author = {Pedregosa, F. and Varoquaux, G. and Gramfort, A. and Michel, V. and Thirion, B. and Grisel, O. and Blondel, M. and Prettenhofer, P. and Weiss, R. and Dubourg, V. and Vanderplas, J. and Passos, A. and Cournapeau, D. and Brucher, M. and Perrot, M. and Duchesnay, E.},
  title = {Scikit-learn: Machine Learning in Python},
  journal = {Journal of Machine Learning Research},
  volume = {12},
  pages = {2825-2830},
  year = {2011}
}

@book{requests_library,
  author = {Kenneth Reitz},
  title = {Requests: HTTP for Humans},
  publisher = {Python Software Foundation},
  year = {2024},
  url = {https://docs.python-requests.org/}
}

@book{csv_standard,
  author = {Shafranovich, Y.},
  title = {Common Format and MIME Type for Comma-Separated Values (CSV) Files},
  journal = {RFC 4180},
  publisher = {Internet Engineering Task Force},
  year = {2005}
}

@book{json_standard,
  author = {Bray, T.},
  title = {The JavaScript Object Notation (JSON) Data Interchange Format},
  journal = {RFC 7159},
  publisher = {Internet Engineering Task Force},
  year = {2014}
}

@book{api_design,
  author = {Richardson, L. and Amundsen, M. and Ruby, S.},
  title = {RESTful Web APIs},
  publisher = {O'Reilly Media},
  year = {2013}
}

@online{walletexplorer_api,
  author = {WalletExplorer},
  title = {WalletExplorer.com API},
  year = {2025},
  url = {https://www.walletexplorer.com/api},
  urldate = {2025-10-15}
}